@article{beast2,
   author = {Bouckaert, R. and Heled, J. and Kuhnert, D. and Vaughan, T. and Wu, C. H. and Xie, D. and Suchard, M. A. and Rambaut, A. and Drummond, A. J.},
   title = {BEAST 2: a software platform for Bayesian evolutionary analysis},
   journal = {PLoS Comput Biol},
   volume = {10},
   number = {4},
   pages = {e1003537},
   ISSN = {1553-7358 (Electronic)
1553-734X (Linking)},
   DOI = {10.1371/journal.pcbi.1003537},
   url = {http://www.ncbi.nlm.nih.gov/pubmed/24722319},
   year = {2014},
   type = {Journal Article}
}

@article{Brodin16,
   author = {Brodin, J. and Zanini, F. and Thebo, L. and Lanz, C. and Bratt, G. and Neher, R. A. and Albert, J.},
   title = {Establishment and stability of the latent HIV-1 DNA reservoir},
   journal = {Elife},
   volume = {5},
   pages = {e18889},
   ISSN = {2050-084X (Electronic)
2050-084X (Linking)},
   DOI = {10.7554/eLife.18889},
   url = {https://www.ncbi.nlm.nih.gov/pubmed/27855060},
   year = {2016},
   type = {Journal Article}
}

@article{Bruner16,
   author = {Bruner, K. M. and Murray, A. J. and Pollack, R. A. and Soliman, M. G. and Laskey, S. B. and Capoferri, A. A. and Lai, J. and Strain, M. C. and Lada, S. M. and Hoh, R. and Ho, Y. C. and Richman, D. D. and Deeks, S. G. and Siliciano, J. D. and Siliciano, R. F.},
   title = {Defective proviruses rapidly accumulate during acute HIV-1 infection},
   journal = {Nat Med},
   volume = {22},
   number = {9},
   pages = {1043-9},
   ISSN = {1546-170X (Electronic)
1078-8956 (Linking)},
   DOI = {10.1038/nm.4156},
   url = {http://www.ncbi.nlm.nih.gov/pubmed/27500724},
   year = {2016},
   type = {Journal Article}
}

@article{Drummond06,
   author = {Drummond, A. J. and Ho, S. Y. and Phillips, M. J. and Rambaut, A.},
   title = {Relaxed phylogenetics and dating with confidence},
   journal = {PLoS Biol},
   volume = {4},
   number = {5},
   pages = {e88},
   ISSN = {1545-7885 (Electronic)
1544-9173 (Linking)},
   DOI = {10.1371/journal.pbio.0040088},
   url = {https://www.ncbi.nlm.nih.gov/pubmed/16683862},
   year = {2006},
   type = {Journal Article}
}

@article{Finzi99,
   author = {Finzi, D. and Blankson, J. and Siliciano, J. D. and Margolick, J. B. and Chadwick, K. and Pierson, T. and Smith, K. and Lisziewicz, J. and Lori, F. and Flexner, C. and Quinn, T. C. and Chaisson, R. E. and Rosenberg, E. and Walker, B. and Gange, S. and Gallant, J. and Siliciano, R. F.},
   title = {Latent infection of CD4+ T cells provides a mechanism for lifelong persistence of HIV-1, even in patients on effective combination therapy},
   journal = {Nat Med},
   volume = {5},
   number = {5},
   pages = {512-7},
   ISSN = {1078-8956 (Print)
1078-8956 (Linking)},
   DOI = {10.1038/8394},
   url = {http://www.ncbi.nlm.nih.gov/pubmed/10229227},
   year = {1999},
   type = {Journal Article}
}

@article{Finzi97,
   author = {Finzi, D. and Hermankova, M. and Pierson, T. and Carruth, L. M. and Buck, C. and Chaisson, R. E. and Quinn, T. C. and Chadwick, K. and Margolick, J. and Brookmeyer, R. and Gallant, J. and Markowitz, M. and Ho, D. D. and Richman, D. D. and Siliciano, R. F.},
   title = {Identification of a reservoir for HIV-1 in patients on highly active antiretroviral therapy},
   journal = {Science},
   volume = {278},
   number = {5341},
   pages = {1295-300},
   ISSN = {0036-8075 (Print)
0036-8075 (Linking)},
   url = {http://www.ncbi.nlm.nih.gov/entrez/query.fcgi?cmd=Retrieve&db=PubMed&dopt=Citation&list_uids=9360927},
   year = {1997},
   type = {Journal Article}
}

@article{Fischer10,
   author = {Fischer, W. and Ganusov, V. V. and Giorgi, E. E. and Hraber, P. T. and Keele, B. F. and Leitner, T. and Han, C. S. and Gleasner, C. D. and Green, L. and Lo, C. C. and Nag, A. and Wallstrom, T. C. and Wang, S. and McMichael, A. J. and Haynes, B. F. and Hahn, B. H. and Perelson, A. S. and Borrow, P. and Shaw, G. M. and Bhattacharya, T. and Korber, B. T.},
   title = {Transmission of single HIV-1 genomes and dynamics of early immune escape revealed by ultra-deep sequencing},
   journal = {PLoS ONE},
   volume = {5},
   number = {8},
   pages = {e12303},
   ISSN = {1932-6203 (Electronic)
1932-6203 (Linking)},
   DOI = {10.1371/journal.pone.0012303},
   url = {http://www.ncbi.nlm.nih.gov/entrez/query.fcgi?cmd=Retrieve&db=PubMed&dopt=Citation&list_uids=20808830},
   year = {2010},
   type = {Journal Article}
}

@article{Hiener17,
   author = {Hiener, B. and Horsburgh, B. A. and Eden, J. S. and Barton, K. and Schlub, T. E. and Lee, E. and von Stockenstrom, S. and Odevall, L. and Milush, J. M. and Liegler, T. and Sinclair, E. and Hoh, R. and Boritz, E. A. and Douek, D. and Fromentin, R. and Chomont, N. and Deeks, S. G. and Hecht, F. M. and Palmer, S.},
   title = {Identification of Genetically Intact HIV-1 Proviruses in Specific CD4+ T Cells from Effectively Treated Participants},
   journal = {Cell Rep},
   volume = {21},
   number = {3},
   pages = {813-822},
   ISSN = {2211-1247 (Electronic)},
   DOI = {10.1016/j.celrep.2017.09.081},
   url = {http://www.ncbi.nlm.nih.gov/pubmed/29045846},
   year = {2017},
   type = {Journal Article}
}

@article{Immonen14,
   author = {Immonen, T. T. and Leitner, T.},
   title = {Reduced evolutionary rates in HIV-1 reveal extensive latency periods among replicating lineages},
   journal = {Retrovirology},
   volume = {11},
   pages = {81},
   ISSN = {1742-4690 (Electronic)
1742-4690 (Linking)},
   DOI = {10.1186/s12977-014-0081-0},
   url = {http://www.ncbi.nlm.nih.gov/pubmed/25318357},
   year = {2014},
   type = {Journal Article}
}

@article{nodedating,
   author = {Jones, B. R. and Poon, A. F.},
   title = {node.dating: dating ancestors in phylogenetic trees in R},
   journal = {Bioinformatics},
   volume = {33},
   number = {6},
   pages = {932-934},
   ISSN = {1367-4811 (Electronic)
1367-4803 (Linking)},
   DOI = {10.1093/bioinformatics/btw744},
   url = {https://www.ncbi.nlm.nih.gov/pubmed/28365756},
   year = {2017},
   type = {Journal Article}
}

@article{Joos08,
   author = {Joos, B. and Fischer, M. and Kuster, H. and Pillai, S. K. and Wong, J. K. and Boni, J. and Hirschel, B. and Weber, R. and Trkola, A. and Gunthard, H. F. and Swiss, H. I. V. Cohort Study},
   title = {HIV rebounds from latently infected cells, rather than from continuing low-level replication},
   journal = {Proc Natl Acad Sci U S A},
   volume = {105},
   number = {43},
   pages = {16725-30},
   ISSN = {1091-6490 (Electronic)
0027-8424 (Linking)},
   DOI = {10.1073/pnas.0804192105},
   url = {http://www.ncbi.nlm.nih.gov/pubmed/18936487},
   year = {2008},
   type = {Journal Article}
}

@article{Josefsson13,
   author = {Josefsson, L. and von Stockenstrom, S. and Faria, N. R. and Sinclair, E. and Bacchetti, P. and Killian, M. and Epling, L. and Tan, A. and Ho, T. and Lemey, P. and Shao, W. and Hunt, P. W. and Somsouk, M. and Wylie, W. and Douek, D. C. and Loeb, L. and Custer, J. and Hoh, R. and Poole, L. and Deeks, S. G. and Hecht, F. and Palmer, S.},
   title = {The HIV-1 reservoir in eight patients on long-term suppressive antiretroviral therapy is stable with few genetic changes over time},
   journal = {Proc Natl Acad Sci U S A},
   volume = {110},
   number = {51},
   pages = {E4987-96},
   ISSN = {1091-6490 (Electronic)
0027-8424 (Linking)},
   DOI = {10.1073/pnas.1308313110},
   url = {http://www.ncbi.nlm.nih.gov/pubmed/24277811},
   year = {2013},
   type = {Journal Article}
}

@article{modelfinder,
   author = {Kalyaanamoorthy, S. and Minh, B. Q. and Wong, T. K. F. and von Haeseler, A. and Jermiin, L. S.},
   title = {ModelFinder: fast model selection for accurate phylogenetic estimates},
   journal = {Nat Methods},
   volume = {14},
   number = {6},
   pages = {587-589},
   ISSN = {1548-7105 (Electronic)
1548-7091 (Linking)},
   DOI = {10.1038/nmeth.4285},
   url = {https://www.ncbi.nlm.nih.gov/pubmed/28481363},
   year = {2017},
   type = {Journal Article}
}

@article{Katlama13,
   author = {Katlama, C. and Deeks, S. G. and Autran, B. and Martinez-Picado, J. and van Lunzen, J. and Rouzioux, C. and Miller, M. and Vella, S. and Schmitz, J. E. and Ahlers, J. and Richman, D. D. and Sekaly, R. P.},
   title = {Barriers to a cure for HIV: new ways to target and eradicate HIV-1 reservoirs},
   journal = {Lancet},
   volume = {381},
   number = {9883},
   pages = {2109-17},
   ISSN = {1474-547X (Electronic)
0140-6736 (Linking)},
   DOI = {S0140-6736(13)60104-X [pii]
10.1016/S0140-6736(13)60104-X},
   url = {http://www.ncbi.nlm.nih.gov/entrez/query.fcgi?cmd=Retrieve&db=PubMed&dopt=Citation&list_uids=23541541},
   year = {2013},
   type = {Journal Article}
}

@article{Korber00,
   author = {Korber, B. and Muldoon, M. and Theiler, J. and Gao, F. and Gupta, R. and Lapedes, A. and Hahn, B. H. and Wolinsky, S. and Bhattacharya, T.},
   title = {Timing the ancestor of the HIV-1 pandemic strains},
   journal = {Science},
   volume = {288},
   number = {5472},
   pages = {1789-96},
   ISSN = {0036-8075 (Print)
0036-8075 (Linking)},
   DOI = {8571 [pii]},
   url = {http://www.ncbi.nlm.nih.gov/entrez/query.fcgi?cmd=Retrieve&db=PubMed&dopt=Citation&list_uids=10846155},
   year = {2000},
   type = {Journal Article}
}

@article{concordance,
   author = {Lin, L. I.},
   title = {A concordance correlation coefficient to evaluate reproducibility},
   journal = {Biometrics},
   volume = {45},
   number = {1},
   pages = {255-68},
   ISSN = {0006-341X (Print)
0006-341X (Linking)},
   url = {http://www.ncbi.nlm.nih.gov/pubmed/2720055},
   year = {1989},
   type = {Journal Article}
}

@article{Maldarelli14,
   author = {Maldarelli, F. and Wu, X. and Su, L. and Simonetti, F. R. and Shao, W. and Hill, S. and Spindler, J. and Ferris, A. L. and Mellors, J. W. and Kearney, M. F. and Coffin, J. M. and Hughes, S. H.},
   title = {HIV latency. Specific HIV integration sites are linked to clonal expansion and persistence of infected cells},
   journal = {Science},
   volume = {345},
   number = {6193},
   pages = {179-83},
   ISSN = {1095-9203 (Electronic)
0036-8075 (Linking)},
   DOI = {10.1126/science.1254194},
   url = {http://www.ncbi.nlm.nih.gov/pubmed/24968937},
   year = {2014},
   type = {Journal Article}
}

@article{Pace11,
   author = {Pace, M. J. and Agosto, L. and Graf, E. H. and O'Doherty, U.},
   title = {HIV reservoirs and latency models},
   journal = {Virology},
   volume = {411},
   number = {2},
   pages = {344-54},
   ISSN = {1096-0341 (Electronic)
0042-6822 (Linking)},
   DOI = {10.1016/j.virol.2010.12.041},
   url = {http://www.ncbi.nlm.nih.gov/pubmed/21284992},
   year = {2011},
   type = {Journal Article}
}

@article{Pomerantz03,
   author = {Pomerantz, R. J.},
   title = {Reservoirs, sanctuaries, and residual disease: the hiding spots of HIV-1},
   journal = {HIV Clin Trials},
   volume = {4},
   number = {2},
   pages = {137-43},
   ISSN = {1528-4336 (Print)
1528-4336 (Linking)},
   DOI = {10.1310/hct.2003.4.2.009},
   url = {http://www.ncbi.nlm.nih.gov/pubmed/12671782},
   year = {2003},
   type = {Journal Article}
}

@article{Richman09,
   author = {Richman, D. D. and Margolis, D. M. and Delaney, M. and Greene, W. C. and Hazuda, D. and Pomerantz, R. J.},
   title = {The challenge of finding a cure for HIV infection},
   journal = {Science},
   volume = {323},
   number = {5919},
   pages = {1304-7},
   ISSN = {1095-9203 (Electronic)
1095-9203 (Linking)},
   DOI = {323/5919/1304 [pii]
10.1126/science.1165706},
   url = {http://www.ncbi.nlm.nih.gov/entrez/query.fcgi?cmd=Retrieve&db=PubMed&dopt=Citation&list_uids=19265012},
   year = {2009},
   type = {Journal Article}
}

@article{Shapiro11,
   author = {Shapiro, B. and Ho, S.Y.W. and Drummond, A. and Suchard, M. A. and Pybus, O. and Rambaut, A.},
   title = {A Bayesian Phylogenetic Method to Estimate Unknown Sequence Ages},
   journal = {Mol Biol Evol},
   volume = {28},
   number = {2},
   pages = {879–887},
   DOI = {doi:10.1093/molbev/msq262},
   year = {2011},
   type = {Journal Article}
}

@article{Shen08,
   author = {Shen, L. and Siliciano, R. F.},
   title = {Viral reservoirs, residual viremia, and the potential of highly active antiretroviral therapy to eradicate HIV infection},
   journal = {J Allergy Clin Immunol},
   volume = {122},
   number = {1},
   pages = {22-8},
   ISSN = {1097-6825 (Electronic)
0091-6749 (Linking)},
   DOI = {10.1016/j.jaci.2008.05.033},
   url = {http://www.ncbi.nlm.nih.gov/pubmed/18602567},
   year = {2008},
   type = {Journal Article}
}

@article{bdsky,
   author = {Stadler, T. and Kuhnert, D. and Bonhoeffer, S. and Drummond, A. J.},
   title = {Birth-death skyline plot reveals temporal changes of epidemic spread in HIV and hepatitis C virus (HCV)},
   journal = {Proc Natl Acad Sci U S A},
   volume = {110},
   number = {1},
   pages = {228-33},
   ISSN = {1091-6490 (Electronic)
0027-8424 (Linking)},
   DOI = {10.1073/pnas.1207965110},
   url = {http://www.ncbi.nlm.nih.gov/pubmed/23248286},
   year = {2013},
   type = {Journal Article}
}

@article{vonStockenstrom15,
   author = {von Stockenstrom, S. and Odevall, L. and Lee, E. and Sinclair, E. and Bacchetti, P. and Killian, M. and Epling, L. and Shao, W. and Hoh, R. and Ho, T. and Faria, N. R. and Lemey, P. and Albert, J. and Hunt, P. and Loeb, L. and Pilcher, C. and Poole, L. and Hatano, H. and Somsouk, M. and Douek, D. and Boritz, E. and Deeks, S. G. and Hecht, F. M. and Palmer, S.},
   title = {Longitudinal Genetic Characterization Reveals That Cell Proliferation Maintains a Persistent HIV Type 1 DNA Pool During Effective HIV Therapy},
   journal = {J Infect Dis},
   volume = {212},
   number = {4},
   pages = {596-607},
   ISSN = {1537-6613 (Electronic)
0022-1899 (Linking)},
   DOI = {10.1093/infdis/jiv092},
   url = {http://www.ncbi.nlm.nih.gov/pubmed/25712966},
   year = {2015},
   type = {Journal Article}
}

@book{ggplot2,
   author = {Wickham, H.},
   title = {ggplot2: Elegant Graphics for Data Analysis},
   publisher = {Springer-Verlag},
   address = {New York, USA},
   year = {2016},
   type = {Book}
}

@article{ggtree,
   author = {Yu, G. and Smith, D.  and Zhu, H. and Guan, Y. and Lam, T.T.Y.},
   title = {GGTREE: an R package for visualization and annotation of phylogenetic trees with their covariates and other associated data},
   journal = {Methods in Ecology and Evolution},
   volume = {8},
   number = {1},
   pages = {28-36},
   year = {2017},
   type = {Journal Article}
}

@article{Zanini16,
   author = {Zanini, F. and Brodin, J. and Thebo, L. and Lanz, C. and Bratt, G. and Albert, J. and Neher, R. A.},
   title = {Population genomics of intrapatient HIV-1 evolution},
   journal = {Elife},
   volume = {4},
   pages = {e11282},
   ISSN = {2050-084X (Electronic)
2050-084X (Linking)},
   DOI = {10.7554/eLife.11282},
   url = {https://www.ncbi.nlm.nih.gov/pubmed/26652000},
   year = {2015},
   type = {Journal Article}
}

